@inproceedings{Wilson95dynamicstorage,
  author = {Paul R. Wilson and Mark S. Johnstone and Michael Neely and David Boles},
  title = {Dynamic Storage Allocation: A Survey and Critical Review},
  year = {1995},
  pages = {1--116},
  publisher = {Springer-Verlag}
}
